@article{agile-2001,
	title = {The agile manifesto},
	author = {Martin Fowler and Jim Highsmith},
	journal = {Software Development},
	volume = {9},
	number = {8},
	pages = {28--35},
	year = {2001},
	publisher = {Miller Freeman, Inc.},
	address = {San Francisco, Calif√≥rnia (EUA)}
}

@misc{ac-academy-2017,
	title = {Learn with us},
	author = {Avenue Code},
	urlaccessdate = {01/05/2017},
	howpublished = {\url{https://www.avenuecode.com/academy}},
	year = {2017}
}

@misc{ac-partners-2017,
	title = {The company we keep},
	author = {Avenue Code},
	urlaccessdate = {01/05/2017},
	howpublished = {\url{https://www.avenuecode.com/partners}},
	year = {2017}
}

@misc{ac-who-we-are-2017,
	title = {Who we are},
	author = {Avenue Code},
	urlaccessdate = {01/05/2017},
	howpublished = {\url{https://www.avenuecode.com/who-we-are}},
	year = {2017}
}

@misc{ac-what-we-do-2017,
	title = {What we do},
	author = {Avenue Code},
	urlaccessdate = {01/05/2017},
	howpublished = {\url{https://www.avenuecode.com/wha-we-do}},
	year = {2017}
}